@Article {fenn-dtk2006b,
author  = {J{\"u}rgen Fenn},
title   = {{\emph{Der {\LaTeX}-Begleiter} von Frank
           Mittelbach, Michel Goossens u .\, a .}},
issn    = {1434-5897},
journal = {Example Journal},
year    = 2006,
month   = jul,
volume  = {3/06},
pages   = {59--68}
}

@inproceedings{dean-mapreduce,
    author = {Dean, Jeffrey and Ghemawat, Sanjay},
    title = {{M}ap{R}educe: simplified data processing on large clusters},
    booktitle = {Proceedings of the 6th conference on Symposium on Operating
        Systems Design \& Implementation - Volume 6},
    series = {OSDI'04},
    year = {2004},
    location = {San Francisco, CA},
    pages = {10--10},
    numpages = {1},
    url = {http://dl.acm.org/citation.cfm?id=1251254.1251264},
    acmid = {1251264},
    publisher = {USENIX Association},
    address = {Berkeley, CA, USA},
}
@Article {zaharia,
    author = {Matei Zaharia and Mosharaf Chowdhury and Michael J. Franklin
        and Scott Shenker and Ion Stoica},
    title = {Spark: Cluster Computing with Working Sets}
}
@Article{lee-survey,
    author = {Kyong-Ha Lee et al.},
    title = {Parallel data processing with {M}ap{R}educe: a survey},
    journal = {ACM SIGMOD Record},
    volume = {40},
    issue = {4},
    pages = {11--20},
    month = {December},
    year = {2011}
}
@inproceedings {zaharia_rdd,
    author = {Matei Zaharia, Mosharaf Chowdhury, Tathagata Das et al.},
    title = {Resilient Distributed Datasets: A Fault-Tolerant Abstraction for
        In-Memory Cluster Computing},
    series = {NSDI'12},
}
@inproceedings {jiaxing,
    author = {Jiaxing Zhang, Hucheng Zhou, Rishan Chen et al.},
    title = {Optimizing Data shuffling in Data-Parallel Computation by
        Understanding User-Defined Functions},
    series = {NSDI'12},
}
@inproceedings {qifa,
    author = {Qifa Ke, Vijayan Prabhakaran, Yinglian Xie et al.},
    title = {Optimizing Data Partitioning for Data-Parallel Computing},
}
@inproceedings {ganesh,
    author = {Ganesh Ananthyanarayanan, Sameer Agarwal, Srikanth Kandula et al.},
    title = {Scarlet: Coping with Skewed Content Popularity in MapReduce Clusters},
    series = {Eurosys'11},
}
@inproceedings {andrew,
    author = {Andrew Pavlo, Erik Paulson, Alexander Rasin et al.},
    title = {A Comparison of Approaches to Large-Scale Data Analysis},
    series = {Sigmod'09},
}
@inproceedings {ashish,
    author = {Ashish Thusoo, Joydeep Sen Sarma, Namit Jain et al.},
    title = {Hive - A Warehousing Solution Over a Map-Reduce Framework},
    series = {VLDB'09},
}
@inproceedings {yanpei,
    author = {Yanpei Chen, Sara Alspaugh, Randy Katz},
    title = {Interactive Analytical Processing in Big Data Systems: A Cross-Industry Study of MapReduce Workloads},
    series = {VLDB'12},
}
@Article {amplab_bench,
    author = {Amplab in UC Berkeley},
    title = {Big Data Benchmark},
}
@Article {chowdhury,
    author = {Mosharaf Chowdhury},
    title = {Performance and Scalability of Broadcast in Spark},
    year = 2010,
}
@Article {zeni,
    author = {Ze Ni},
    title = {Comparative Evaluation of Spark and Stratosphere},
    year = 2013,
}
@Article {jiang,
    author = {Jiang, Dawei and Ooi, Beng Chin and Shi, Lei and Wu, Sai},
    title = {The Performance of MapReduce: An In-Depth Study},
    journal = {Proc. VLDB Endow.},
    issue_date = {September 2010},
    volume = {3},
    number = {1-2},
    month = sep,
    year = {2010},
    issn = {2150-8097},
    pages = {472--483},
    numpages = {12},
    url = {http://dl.acm.org/citation.cfm?id=1920841.1920903},
    acmid = {1920903},
    publisher = {VLDB Endowment},
} 
@inproceedings{engle,
    author = {Engle, Cliff and Lupher, Antonio and Xin, Reynold and Zaharia,
        Matei and Franklin, Michael J. and Shenker, Scott and Stoica, Ion},
    title = {Shark: fast data analysis using coarse-grained distributed memory},
    booktitle = {Proceedings of the 2012 ACM SIGMOD International Conference on
        Management of Data},
    series = {SIGMOD '12},
    year = {2012},
    isbn = {978-1-4503-1247-9},
    location = {Scottsdale, Arizona, USA},
    pages = {689--692},
    numpages = {4},
    url = {http://doi.acm.org/10.1145/2213836.2213934},
    doi = {10.1145/2213836.2213934},
    acmid = {2213934},
    publisher = {ACM},
    address = {New York, NY, USA},
    keywords = {data warehouse, databases, machine learning, resilient
        distributed dataset, shark, spark},
} 
@inproceedings{pavlo,
    author = {Pavlo, Andrew and Paulson, Erik and Rasin, Alexander and Abadi,
        Daniel J. and DeWitt, David J. and Madden, Samuel and Stonebraker,
        Michael},
    title = {A Comparison of Approaches to Large-Scale Data Analysis},
    booktitle = {Proceedings of the 2009 ACM SIGMOD International Conference on
        Management of data},
    series = {SIGMOD '09},
    year = {2009},
    isbn = {978-1-60558-551-2},
    location = {Providence, Rhode Island, USA},
    pages = {165--178},
    numpages = {14},
    url = {http://doi.acm.org/10.1145/1559845.1559865},
    doi = {10.1145/1559845.1559865},
    acmid = {1559865},
    publisher = {ACM},
    address = {New York, NY, USA},
    keywords = {benchmarks, mapreduce, parallel database},
}
@inproceedings{tufo,
    author = {Tufo, Henry M. and Patterson, Michael K. and Oberg, Michael and
        Woitaszek, Matthew and Cobb, Guy and Strong, Robert and Gutowski, Jim},
    title = {Janus: co-designing HPC systems and facilities},
    booktitle = {State of the Practice Reports},
    series = {SC '11},
    year = {2011},
    isbn = {978-1-4503-1139-7},
    location = {Seattle, Washington},
    pages = {16:1--16:9},
    articleno = {16},
    numpages = {9},
    url = {http://doi.acm.org/10.1145/2063348.2063370},
    doi = {10.1145/2063348.2063370},
    acmid = {2063370},
    publisher = {ACM},
    address = {New York, NY, USA},
    keywords = {computer and facility co-design, computer facilities, modular
        data centers, system integration},
} 
@online{perfsuite,
    title = {PerfSuite},
    author = {Rick Kufrin and Dong Ahn and Anand Raghuraman and Jun-Hyuk Seo
        and Rui Liu},
    howpublished = {http://perfsuite.ncsa.illinois.edu},
}
@online{ganglia,
    title = {Ganglia Monitoring System},
    author = {Matt Massie and et al},
    howpublished = {http://ganglia.sourceforge.net/},
}
@online{yourkit,
    title = {YourKit Java Profiler},
    author = {YourKit LLC},
    howpublished = {http://www.yourkit.com/},
}
